<?xml version="1.0" encoding="UTF-8"?><collection><record><leader>05573ntm a2200613 a 4500</leader><controlfield tag="001">006822243</controlfield><controlfield tag="003">MiAaHDL</controlfield><controlfield tag="005">20190719000000.0</controlfield><controlfield tag="006">m        d        </controlfield><controlfield tag="007">cr bn ---auaua</controlfield><controlfield tag="008">090623s17uu    xx            00| ||ota d</controlfield><datafield tag="035" ind1=" " ind2=" "><subfield code="a">(MiU)006822243</subfield></datafield><datafield tag="035" ind1=" " ind2=" "><subfield code="a">sdr-miu006822243</subfield></datafield><datafield tag="040" ind1=" " ind2=" "><subfield code="a">MiU</subfield><subfield code="c">MiU</subfield><subfield code="e">amremm</subfield></datafield><datafield tag="041" ind1="0" ind2=" "><subfield code="a">ota</subfield></datafield><datafield tag="043" ind1=" " ind2=" "><subfield code="a">n-us-mi</subfield><subfield code="a">a-su---</subfield></datafield><datafield tag="100" ind1="0" ind2=" "><subfield code="6">880-01</subfield><subfield code="a">Nabi,</subfield><subfield code="d">1641 or 1642-1712.</subfield></datafield><datafield tag="245" ind1="1" ind2="0"><subfield code="6">880-03</subfield><subfield code="a">Tuhfetü'l-Haremeyn,</subfield><subfield code="f">[18th century?].</subfield></datafield><datafield tag="246" ind1="3" ind2=" "><subfield code="a">Tuhfetü’l-Haremeyni’l-Muhteremeyn</subfield></datafield><datafield tag="246" ind1="3" ind2=" "><subfield code="a">Tuhfet ül-Haremeyn</subfield></datafield><datafield tag="246" ind1="3" ind2=" "><subfield code="6">880-04</subfield><subfield code="i">Title from closing matter:</subfield><subfield code="a">تحفۀ حرمين</subfield></datafield><datafield tag="246" ind1="3" ind2=" "><subfield code="i">Edge title (tail):</subfield><subfield code="a">تحفة الحرمين</subfield></datafield><datafield tag="260" ind1=" " ind2=" "><subfield code="c">[17--?].</subfield></datafield><datafield tag="300" ind1=" " ind2=" "><subfield code="a">90 leaves :</subfield><subfield code="b">paper ;</subfield><subfield code="c">197 x 120 (137 x 60) mm.</subfield></datafield><datafield tag="500" ind1=" " ind2=" "><subfield code="a">Shelfmark: Ann Arbor, University of Michigan, Special Collections Library, Isl. Ms. 395</subfield></datafield><datafield tag="500" ind1=" " ind2=" "><subfield code="a">Origin: Lacks dated colophon ; decoration, paper, etc. suggest 18th century. According to date provided in a chronogram at the close ("بو تحفۀ حرمينم قبول [ايده] مولى") composition completed in 1093 [1682 or 3]. Date inscribed on 'title page' may provide a rough terminus ante quem of 1795.</subfield></datafield><datafield tag="500" ind1=" " ind2=" "><subfield code="a">Former shelfmark: "510 T. De M. [i.e. Tammaro De Marinis]" inscribed in pencil on recto of front flyleaf.</subfield></datafield><datafield tag="500" ind1=" " ind2=" "><subfield code="a">Binding: Pasteboards faced in red cut velvet (or flocked cloth or felt, low nap, see envelope flap) with dark red brown leather over spine, fore edge flap and edges / turn-ins (textile faced, leather edged framed binding) ; Type II binding (with flap) ; board linings in olive green European laid paper (fleur de lis watermark visible in lower board lining) ; upper and lower covers carry tooled borders in gold ; sewn in yellow thread, two stations ; worked chevron endbands in yellow and pink [?], damaged with losses to headband ; overall in fair condition with minor abrasion, staining, lifting of leather, etc. ; subtle repairs to fore edge flap, etc. ; rehinged (paper).</subfield></datafield><datafield tag="500" ind1=" " ind2=" "><subfield code="a">Support: non-European laid paper with 9 laid lines per cm. (horizontal, fairly distinct, some curving) and no chain lines visible, medium cream in color, quite thin and transluscent though sturdy, well-burnished ; front flyleaf in European laid paper with 8 laid lines per cm. (horizontal), chain lines spaced 29-30 mm. apart (vertical) and watermark of cross with initials below.</subfield></datafield><datafield tag="500" ind1=" " ind2=" "><subfield code="a">Decoration: Elegant illuminated headpiece (ʻunwān / sarlawḥ) at opening on p.2, consisting of rectangular piece with empty gold cartouche flanked by floral motifs in white with red and orange accents on a ground of gold and blue (cobalt), surmounted by scalloped w-shaped piece filled with similar floral vegetal decoration in white with orange and red accents on fields of gold and cobalt, itself surmounted by vertical stalks (tīgh) in blue with red accents, entire piece set in well of blue and red bands with white accents ; floral accents in gold flanking the basmalah at opening on p.2 ; written area surrounded by gold frame defined by black fillets, divisions within defined by narrower gold bands outlined by black fillets ; keywords and section headings rubricated ; textual dividers in the form of red inverted discs.</subfield></datafield><datafield tag="500" ind1=" " ind2=" "><subfield code="a">Script: Nastaʻlīq (talik) ; bold, elegant hand ; serifless, with effect of words descending to baseline, closed counters, elongated horizontal strokes, pointing (for two and three dots) mainly in strokes rather than distinct dots.</subfield></datafield><datafield tag="500" ind1=" " ind2=" "><subfield code="a">Layout: Written in 17 lines per page ; frame-ruled.</subfield></datafield><datafield tag="500" ind1=" " ind2=" "><subfield code="a">Collation: i, 3 V(30), IV (38), VI (50), 4 V(90) ; chiefly quinions with a quaternion and a senion ; final two leaves left blank ; catchwords present ; pagination in pencil, Western numerals, supplied during digitization.</subfield></datafield><datafield tag="500" ind1=" " ind2=" "><subfield code="a">Explicit: "ديدم تمامنه نابى بو نسخه نك تاريخ بو تحفۀ حرمينم قبول ايله [ايده] مولى"</subfield></datafield><datafield tag="500" ind1=" " ind2=" "><subfield code="a">Incipit: "اى بيت حرامى صف غفرانه مقام وى باب سلامى مدخل دار سلام ..."</subfield></datafield><datafield tag="500" ind1=" " ind2=" "><subfield code="a">Title from front flyleaf.</subfield></datafield><datafield tag="500" ind1=" " ind2=" "><subfield code="a">Ms. codex.</subfield></datafield><datafield tag="510" ind1="4" ind2=" "><subfield code="a">Cat. Turk. MSS. Brit. Mus.,</subfield><subfield code="c">p.113</subfield></datafield><datafield tag="520" ind1="8" ind2=" "><subfield code="a">Elegant copy of the Ottoman poet Nabi's account of his pilgrimage (ḥajj) to Mecca and Medina.</subfield></datafield><datafield tag="538" ind1=" " ind2=" "><subfield code="a">Mode of access: Internet.</subfield></datafield><datafield tag="541" ind1=" " ind2=" "><subfield code="c">Purchase ;</subfield><subfield code="a">Acquired by purchase (funds donated by Horace Rackham).</subfield><subfield code="d">1924.</subfield></datafield><datafield tag="546" ind1=" " ind2=" "><subfield code="a">Ottoman Turkish.</subfield></datafield><datafield tag="561" ind1=" " ind2=" "><subfield code="a">Ownership / bequest statement on 'title page' (p.1) dated 12 Dhū al-Qaʻdah 1313 [ca. 25 April 1896] ; possible isolated date on 'title page' (p.1) 1209 [1794 or 5] ; occasional marginal corrections and notabilia (side heads, most rubricated).</subfield></datafield><datafield tag="600" ind1="0" ind2="0"><subfield code="a">Nabi,</subfield><subfield code="d">1641 or 1642-1712</subfield><subfield code="x">Journeys</subfield><subfield code="z">Saudi Arabia</subfield><subfield code="z">Medina.</subfield></datafield><datafield tag="600" ind1="0" ind2="0"><subfield code="a">Nabi,</subfield><subfield code="d">1641 or 1642-1712</subfield><subfield code="x">Journeys</subfield><subfield code="z">Saudi Arabia</subfield><subfield code="z">Mecca.</subfield></datafield><datafield tag="650" ind1=" " ind2="0"><subfield code="a">Manuscripts, Turkish</subfield><subfield code="z">Michigan</subfield><subfield code="z">Ann Arbor.</subfield></datafield><datafield tag="651" ind1=" " ind2="0"><subfield code="a">Medina (Saudi Arabia)</subfield><subfield code="x">Description and travel</subfield><subfield code="v">Early works to 1800.</subfield></datafield><datafield tag="651" ind1=" " ind2="0"><subfield code="a">Mecca (Saudi Arabia)</subfield><subfield code="x">Description and travel</subfield><subfield code="v">Early works to 1800.</subfield></datafield><datafield tag="655" ind1=" " ind2="7"><subfield code="a">Headpieces (layout features)</subfield><subfield code="y">18th century.</subfield><subfield code="2">aat</subfield></datafield><datafield tag="700" ind1="0" ind2=" "><subfield code="a">Abdülhamid</subfield><subfield code="b">II,</subfield><subfield code="c">Sultan of the Turks,</subfield><subfield code="d">1842-1918,</subfield><subfield code="e">former owner.</subfield></datafield><datafield tag="773" ind1="0" ind2=" "><subfield code="a">Abdul Hamid Collection.</subfield></datafield><datafield tag="880" ind1="3" ind2=" "><subfield code="6">246-04/</subfield><subfield code="a">Tuhfe-yi Haremeyn</subfield></datafield><datafield tag="880" ind1="1" ind2="0"><subfield code="6">245-03/</subfield><subfield code="a">تحفة الحرمين,</subfield><subfield code="f">[القرن 18م؟].</subfield></datafield><datafield tag="880" ind1="0" ind2=" "><subfield code="6">100-01/</subfield><subfield code="a">نابي.</subfield></datafield><datafield tag="CID" ind1=" " ind2=" "><subfield code="a">006822243</subfield></datafield><datafield tag="DAT" ind1="0" ind2=" "><subfield code="a">20190719102640.0</subfield><subfield code="b">20190719000000.0</subfield></datafield><datafield tag="DAT" ind1="1" ind2=" "><subfield code="a">20190719090653.0</subfield><subfield code="b">2019-07-19T16:12:06Z</subfield></datafield><datafield tag="DAT" ind1="2" ind2=" "><subfield code="a">2015-10-02T18:00:03Z</subfield></datafield><datafield tag="CAT" ind1=" " ind2=" "><subfield code="a">SDR-MIU</subfield><subfield code="d">EX LIBRIS - ALEPH</subfield><subfield code="l">prepare.pl-004-008</subfield></datafield><datafield tag="FMT" ind1=" " ind2=" "><subfield code="a">BK</subfield></datafield><datafield tag="HOL" ind1=" " ind2=" "><subfield code="0">sdr-miu006822243</subfield><subfield code="a">MiU</subfield><subfield code="b">SDR</subfield><subfield code="c">MIU</subfield><subfield code="p">mdp.39015079130624</subfield><subfield code="s">MIU</subfield><subfield code="1">006822243</subfield></datafield><datafield tag="974" ind1=" " ind2=" "><subfield code="b">MIU</subfield><subfield code="c">MIU</subfield><subfield code="d">20190719</subfield><subfield code="s">lit-dlps-dc</subfield><subfield code="u">mdp.39015079130624</subfield><subfield code="y">1799</subfield><subfield code="r">pd</subfield><subfield code="q">bib</subfield><subfield code="t">non-US bib date1 &lt; 1896</subfield></datafield></record></collection>